@article{zhao2023ompl,
  title     = {{OMPL}-{SBL} Algorithm for Intelligent Reflecting Surface-Aided {mmWave} Channel Estimation},
  author    = {Zhao, Wuqiong and You, You and Zhang, Li and You, Xiaohu and Zhang, Chuan},
  journal   = IEEE_J_VT,
  volume    = {72},
  number    = {11},
  pages     = {15121--15126},
  year      = {2023},
  month     = nov,
  publisher = {IEEE}
}

@article{you2023beam,
  title     = {Beam Pattern and Reflection Pattern Design for Channel Estimation in {RIS}-Assisted Mmwave {MIMO} Systems},
  author    = {You, You and Zhao, Wuqiong and Zhang, Li and You, Xiaohu and Zhang, Chuan},
  journal   = IEEE_J_VT,
  year      = {2023},
  publisher = {IEEE},
  note      = {to be published, doi: \href{https://doi.org/10.1109/TVT.2023.3309950}{\color{doicolor}10.1109/TVT.2023.3309950}}
}
